
#.-latin1-.
@misc{gravity,
	howpublished = {\url{http://gravityfallsbrasil.blogspot.com.br/p/criptogramas.html}},
	title = {Criptogramas},
	author = {Gustavo Sorian},
	year = {2016},
	note = {Acessed: 2016-04-26}
}

@misc{pong-play,
	howpublished = {\url{http://theinstitute.ieee.org/technology-focus/technology-history/from-pong-to-playstation-3}},
	title = {From Ponto to Playstation 3},
	author = {Ania Monaco},
	year = {2011},
	month = {December},
	note = {Acessed: 2016-05-09}

}
@misc{pc-velho,
	howpublished = {\url{http://www.aes.org/aeshc/docs/recording.technology.history/computer1.html}},
	title = {Evolution of the Computer},
	author = {Steven E. Schoenherr},
	year = {2004},
	note = {Acessed: 2016-05-10},
}
